%YAML 1.1
%TAG !u! tag:unity3d.com,2011:
--- !u!29 &1
OcclusionCullingSettings:
  m_ObjectHideFlags: 0
  serializedVersion: 2
  m_OcclusionBakeSettings:
    smallestOccluder: 5
    smallestHole: 0.25
    backfaceThreshold: 100
  m_SceneGUID: 00000000000000000000000000000000
  m_OcclusionCullingData: {fileID: 0}
--- !u!104 &2
RenderSettings:
  m_ObjectHideFlags: 0
  serializedVersion: 9
  m_Fog: 0
  m_FogColor: {r: 0.5, g: 0.5, b: 0.5, a: 1}
  m_FogMode: 3
  m_FogDensity: 0.01
  m_LinearFogStart: 0
  m_LinearFogEnd: 300
  m_AmbientSkyColor: {r: 0.212, g: 0.227, b: 0.259, a: 1}
  m_AmbientEquatorColor: {r: 0.114, g: 0.125, b: 0.133, a: 1}
  m_AmbientGroundColor: {r: 0.047, g: 0.043, b: 0.035, a: 1}
  m_AmbientIntensity: 1
  m_AmbientMode: 0
  m_SubtractiveShadowColor: {r: 0.42, g: 0.478, b: 0.627, a: 1}
  m_SkyboxMaterial: {fileID: 2100000, guid: 64de1cac025403843828c38a4731f08a, type: 2}
  m_HaloStrength: 0.5
  m_FlareStrength: 1
  m_FlareFadeSpeed: 3
  m_HaloTexture: {fileID: 0}
  m_SpotCookie: {fileID: 10001, guid: 0000000000000000e000000000000000, type: 0}
  m_DefaultReflectionMode: 0
  m_DefaultReflectionResolution: 128
  m_ReflectionBounces: 1
  m_ReflectionIntensity: 1
  m_CustomReflection: {fileID: 0}
  m_Sun: {fileID: 705507994}
  m_IndirectSpecularColor: {r: 0.09907781, g: 0.13339278, b: 0.11959899, a: 1}
  m_UseRadianceAmbientProbe: 0
--- !u!157 &3
LightmapSettings:
  m_ObjectHideFlags: 0
  serializedVersion: 12
  m_GIWorkflowMode: 1
  m_GISettings:
    serializedVersion: 2
    m_BounceScale: 1
    m_IndirectOutputScale: 1
    m_AlbedoBoost: 1
    m_EnvironmentLightingMode: 0
    m_EnableBakedLightmaps: 1
    m_EnableRealtimeLightmaps: 0
  m_LightmapEditorSettings:
    serializedVersion: 12
    m_Resolution: 2
    m_BakeResolution: 40
    m_AtlasSize: 1024
    m_AO: 0
    m_AOMaxDistance: 1
    m_CompAOExponent: 1
    m_CompAOExponentDirect: 0
    m_ExtractAmbientOcclusion: 0
    m_Padding: 2
    m_LightmapParameters: {fileID: 0}
    m_LightmapsBakeMode: 1
    m_TextureCompression: 1
    m_FinalGather: 0
    m_FinalGatherFiltering: 1
    m_FinalGatherRayCount: 256
    m_ReflectionCompression: 2
    m_MixedBakeMode: 2
    m_BakeBackend: 1
    m_PVRSampling: 1
    m_PVRDirectSampleCount: 32
    m_PVRSampleCount: 500
    m_PVRBounces: 2
    m_PVREnvironmentSampleCount: 500
    m_PVREnvironmentReferencePointCount: 2048
    m_PVRFilteringMode: 2
    m_PVRDenoiserTypeDirect: 0
    m_PVRDenoiserTypeIndirect: 0
    m_PVRDenoiserTypeAO: 0
    m_PVRFilterTypeDirect: 0
    m_PVRFilterTypeIndirect: 0
    m_PVRFilterTypeAO: 0
    m_PVREnvironmentMIS: 0
    m_PVRCulling: 1
    m_PVRFilteringGaussRadiusDirect: 1
    m_PVRFilteringGaussRadiusIndirect: 5
    m_PVRFilteringGaussRadiusAO: 2
    m_PVRFilteringAtrousPositionSigmaDirect: 0.5
    m_PVRFilteringAtrousPositionSigmaIndirect: 2
    m_PVRFilteringAtrousPositionSigmaAO: 1
    m_ExportTrainingData: 0
    m_TrainingDataDestination: TrainingData
    m_LightProbeSampleCountMultiplier: 4
  m_LightingDataAsset: {fileID: 0}
  m_LightingSettings: {fileID: 0}
--- !u!196 &4
NavMeshSettings:
  serializedVersion: 2
  m_ObjectHideFlags: 0
  m_BuildSettings:
    serializedVersion: 3
    agentTypeID: 0
    agentRadius: 0.5
    agentHeight: 2
    agentSlope: 45
    agentClimb: 0.4
    ledgeDropHeight: 0
    maxJumpAcrossDistance: 0
    minRegionArea: 2
    manualCellSize: 0
    cellSize: 0.16666667
    manualTileSize: 0
    tileSize: 256
    buildHeightMesh: 0
    maxJobWorkers: 0
    preserveTilesOutsideBounds: 0
    debug:
      m_Flags: 0
  m_NavMeshData: {fileID: 0}
--- !u!4 &1587629 stripped
Transform:
  m_CorrespondingSourceObject: {fileID: 6805824740993536405, guid: 8fa796b942f230141b9640300f60ad17, type: 3}
  m_PrefabInstance: {fileID: 3607330841627057139}
  m_PrefabAsset: {fileID: 0}
--- !u!4 &9494275 stripped
Transform:
  m_CorrespondingSourceObject: {fileID: 1460459760234845361, guid: 9a4caf04e9fda3d4999b9925eb3b71c8, type: 3}
  m_PrefabInstance: {fileID: 8256926071023231597}
  m_PrefabAsset: {fileID: 0}
--- !u!1001 &91451806
PrefabInstance:
  m_ObjectHideFlags: 0
  serializedVersion: 2
  m_Modification:
    serializedVersion: 3
    m_TransformParent: {fileID: 0}
    m_Modifications:
    - target: {fileID: 571038414232033696, guid: 3e7fd5f44e2ee624ea3336d2872bc971, type: 3}
      propertyPath: m_Name
      value: Comet Spawner (4)
      objectReference: {fileID: 0}
    - target: {fileID: 6215586967818181147, guid: 3e7fd5f44e2ee624ea3336d2872bc971, type: 3}
      propertyPath: spawnPrefab
      value: 
      objectReference: {fileID: 4163773346883734486, guid: 716b948cf08e30a49b02df028042f797, type: 3}
    - target: {fileID: 8110062367962812002, guid: 3e7fd5f44e2ee624ea3336d2872bc971, type: 3}
      propertyPath: m_LocalPosition.x
      value: 4.64
      objectReference: {fileID: 0}
    - target: {fileID: 8110062367962812002, guid: 3e7fd5f44e2ee624ea3336d2872bc971, type: 3}
      propertyPath: m_LocalPosition.y
      value: 0
      objectReference: {fileID: 0}
    - target: {fileID: 8110062367962812002, guid: 3e7fd5f44e2ee624ea3336d2872bc971, type: 3}
      propertyPath: m_LocalPosition.z
      value: -10.03
      objectReference: {fileID: 0}
    - target: {fileID: 8110062367962812002, guid: 3e7fd5f44e2ee624ea3336d2872bc971, type: 3}
      propertyPath: m_LocalRotation.w
      value: 0.78331584
      objectReference: {fileID: 0}
    - target: {fileID: 8110062367962812002, guid: 3e7fd5f44e2ee624ea3336d2872bc971, type: 3}
      propertyPath: m_LocalRotation.x
      value: -0
      objectReference: {fileID: 0}
    - target: {fileID: 8110062367962812002, guid: 3e7fd5f44e2ee624ea3336d2872bc971, type: 3}
      propertyPath: m_LocalRotation.y
      value: -0.62162393
      objectReference: {fileID: 0}
    - target: {fileID: 8110062367962812002, guid: 3e7fd5f44e2ee624ea3336d2872bc971, type: 3}
      propertyPath: m_LocalRotation.z
      value: -0
      objectReference: {fileID: 0}
    - target: {fileID: 8110062367962812002, guid: 3e7fd5f44e2ee624ea3336d2872bc971, type: 3}
      propertyPath: m_LocalEulerAnglesHint.x
      value: 0
      objectReference: {fileID: 0}
    - target: {fileID: 8110062367962812002, guid: 3e7fd5f44e2ee624ea3336d2872bc971, type: 3}
      propertyPath: m_LocalEulerAnglesHint.y
      value: -76.87
      objectReference: {fileID: 0}
    - target: {fileID: 8110062367962812002, guid: 3e7fd5f44e2ee624ea3336d2872bc971, type: 3}
      propertyPath: m_LocalEulerAnglesHint.z
      value: 0
      objectReference: {fileID: 0}
    m_RemovedComponents: []
    m_RemovedGameObjects: []
    m_AddedGameObjects: []
    m_AddedComponents: []
  m_SourcePrefab: {fileID: 100100000, guid: 3e7fd5f44e2ee624ea3336d2872bc971, type: 3}
--- !u!1001 &187813079
PrefabInstance:
  m_ObjectHideFlags: 0
  serializedVersion: 2
  m_Modification:
    serializedVersion: 3
    m_TransformParent: {fileID: 0}
    m_Modifications:
    - target: {fileID: 571038414232033696, guid: 3e7fd5f44e2ee624ea3336d2872bc971, type: 3}
      propertyPath: m_Name
      value: Comet Spawner (5)
      objectReference: {fileID: 0}
    - target: {fileID: 6215586967818181147, guid: 3e7fd5f44e2ee624ea3336d2872bc971, type: 3}
      propertyPath: spawnPrefab
      value: 
      objectReference: {fileID: 4163773346883734486, guid: 716b948cf08e30a49b02df028042f797, type: 3}
    - target: {fileID: 8110062367962812002, guid: 3e7fd5f44e2ee624ea3336d2872bc971, type: 3}
      propertyPath: m_LocalPosition.x
      value: -4.96
      objectReference: {fileID: 0}
    - target: {fileID: 8110062367962812002, guid: 3e7fd5f44e2ee624ea3336d2872bc971, type: 3}
      propertyPath: m_LocalPosition.y
      value: 0
      objectReference: {fileID: 0}
    - target: {fileID: 8110062367962812002, guid: 3e7fd5f44e2ee624ea3336d2872bc971, type: 3}
      propertyPath: m_LocalPosition.z
      value: -13.29
      objectReference: {fileID: 0}
    - target: {fileID: 8110062367962812002, guid: 3e7fd5f44e2ee624ea3336d2872bc971, type: 3}
      propertyPath: m_LocalRotation.w
      value: 0.9133715
      objectReference: {fileID: 0}
    - target: {fileID: 8110062367962812002, guid: 3e7fd5f44e2ee624ea3336d2872bc971, type: 3}
      propertyPath: m_LocalRotation.x
      value: -0
      objectReference: {fileID: 0}
    - target: {fileID: 8110062367962812002, guid: 3e7fd5f44e2ee624ea3336d2872bc971, type: 3}
      propertyPath: m_LocalRotation.y
      value: 0.40712705
      objectReference: {fileID: 0}
    - target: {fileID: 8110062367962812002, guid: 3e7fd5f44e2ee624ea3336d2872bc971, type: 3}
      propertyPath: m_LocalRotation.z
      value: -0
      objectReference: {fileID: 0}
    - target: {fileID: 8110062367962812002, guid: 3e7fd5f44e2ee624ea3336d2872bc971, type: 3}
      propertyPath: m_LocalEulerAnglesHint.x
      value: 0
      objectReference: {fileID: 0}
    - target: {fileID: 8110062367962812002, guid: 3e7fd5f44e2ee624ea3336d2872bc971, type: 3}
      propertyPath: m_LocalEulerAnglesHint.y
      value: 48.049
      objectReference: {fileID: 0}
    - target: {fileID: 8110062367962812002, guid: 3e7fd5f44e2ee624ea3336d2872bc971, type: 3}
      propertyPath: m_LocalEulerAnglesHint.z
      value: 0
      objectReference: {fileID: 0}
    m_RemovedComponents: []
    m_RemovedGameObjects: []
    m_AddedGameObjects: []
    m_AddedComponents: []
  m_SourcePrefab: {fileID: 100100000, guid: 3e7fd5f44e2ee624ea3336d2872bc971, type: 3}
--- !u!1001 &351475071
PrefabInstance:
  m_ObjectHideFlags: 0
  serializedVersion: 2
  m_Modification:
    serializedVersion: 3
    m_TransformParent: {fileID: 0}
    m_Modifications:
    - target: {fileID: 571038414232033696, guid: 3e7fd5f44e2ee624ea3336d2872bc971, type: 3}
      propertyPath: m_Name
      value: Comet Spawner (2)
      objectReference: {fileID: 0}
    - target: {fileID: 6215586967818181147, guid: 3e7fd5f44e2ee624ea3336d2872bc971, type: 3}
      propertyPath: spawnPrefab
      value: 
      objectReference: {fileID: 827912382182417959, guid: 8fa796b942f230141b9640300f60ad17, type: 3}
    - target: {fileID: 8110062367962812002, guid: 3e7fd5f44e2ee624ea3336d2872bc971, type: 3}
      propertyPath: m_LocalPosition.x
      value: -4.99
      objectReference: {fileID: 0}
    - target: {fileID: 8110062367962812002, guid: 3e7fd5f44e2ee624ea3336d2872bc971, type: 3}
      propertyPath: m_LocalPosition.y
      value: 0
      objectReference: {fileID: 0}
    - target: {fileID: 8110062367962812002, guid: 3e7fd5f44e2ee624ea3336d2872bc971, type: 3}
      propertyPath: m_LocalPosition.z
      value: -4.01
      objectReference: {fileID: 0}
    - target: {fileID: 8110062367962812002, guid: 3e7fd5f44e2ee624ea3336d2872bc971, type: 3}
      propertyPath: m_LocalRotation.w
      value: 0.35697442
      objectReference: {fileID: 0}
    - target: {fileID: 8110062367962812002, guid: 3e7fd5f44e2ee624ea3336d2872bc971, type: 3}
      propertyPath: m_LocalRotation.x
      value: 0
      objectReference: {fileID: 0}
    - target: {fileID: 8110062367962812002, guid: 3e7fd5f44e2ee624ea3336d2872bc971, type: 3}
      propertyPath: m_LocalRotation.y
      value: 0.93411416
      objectReference: {fileID: 0}
    - target: {fileID: 8110062367962812002, guid: 3e7fd5f44e2ee624ea3336d2872bc971, type: 3}
      propertyPath: m_LocalRotation.z
      value: 0
      objectReference: {fileID: 0}
    - target: {fileID: 8110062367962812002, guid: 3e7fd5f44e2ee624ea3336d2872bc971, type: 3}
      propertyPath: m_LocalEulerAnglesHint.x
      value: 0
      objectReference: {fileID: 0}
    - target: {fileID: 8110062367962812002, guid: 3e7fd5f44e2ee624ea3336d2872bc971, type: 3}
      propertyPath: m_LocalEulerAnglesHint.y
      value: 138.171
      objectReference: {fileID: 0}
    - target: {fileID: 8110062367962812002, guid: 3e7fd5f44e2ee624ea3336d2872bc971, type: 3}
      propertyPath: m_LocalEulerAnglesHint.z
      value: 0
      objectReference: {fileID: 0}
    m_RemovedComponents: []
    m_RemovedGameObjects: []
    m_AddedGameObjects: []
    m_AddedComponents: []
  m_SourcePrefab: {fileID: 100100000, guid: 3e7fd5f44e2ee624ea3336d2872bc971, type: 3}
--- !u!1001 &386779400
PrefabInstance:
  m_ObjectHideFlags: 0
  serializedVersion: 2
  m_Modification:
    serializedVersion: 3
    m_TransformParent: {fileID: 0}
    m_Modifications:
    - target: {fileID: 571038414232033696, guid: 3e7fd5f44e2ee624ea3336d2872bc971, type: 3}
      propertyPath: m_Name
      value: Comet Spawner (3)
      objectReference: {fileID: 0}
    - target: {fileID: 6215586967818181147, guid: 3e7fd5f44e2ee624ea3336d2872bc971, type: 3}
      propertyPath: spawnPrefab
      value: 
      objectReference: {fileID: 827912382182417959, guid: 8fa796b942f230141b9640300f60ad17, type: 3}
    - target: {fileID: 8110062367962812002, guid: 3e7fd5f44e2ee624ea3336d2872bc971, type: 3}
      propertyPath: m_LocalPosition.x
      value: -4.99
      objectReference: {fileID: 0}
    - target: {fileID: 8110062367962812002, guid: 3e7fd5f44e2ee624ea3336d2872bc971, type: 3}
      propertyPath: m_LocalPosition.y
      value: 0
      objectReference: {fileID: 0}
    - target: {fileID: 8110062367962812002, guid: 3e7fd5f44e2ee624ea3336d2872bc971, type: 3}
      propertyPath: m_LocalPosition.z
      value: -4.01
      objectReference: {fileID: 0}
    - target: {fileID: 8110062367962812002, guid: 3e7fd5f44e2ee624ea3336d2872bc971, type: 3}
      propertyPath: m_LocalRotation.w
      value: 0.35697442
      objectReference: {fileID: 0}
    - target: {fileID: 8110062367962812002, guid: 3e7fd5f44e2ee624ea3336d2872bc971, type: 3}
      propertyPath: m_LocalRotation.x
      value: 0
      objectReference: {fileID: 0}
    - target: {fileID: 8110062367962812002, guid: 3e7fd5f44e2ee624ea3336d2872bc971, type: 3}
      propertyPath: m_LocalRotation.y
      value: 0.93411416
      objectReference: {fileID: 0}
    - target: {fileID: 8110062367962812002, guid: 3e7fd5f44e2ee624ea3336d2872bc971, type: 3}
      propertyPath: m_LocalRotation.z
      value: 0
      objectReference: {fileID: 0}
    - target: {fileID: 8110062367962812002, guid: 3e7fd5f44e2ee624ea3336d2872bc971, type: 3}
      propertyPath: m_LocalEulerAnglesHint.x
      value: 0
      objectReference: {fileID: 0}
    - target: {fileID: 8110062367962812002, guid: 3e7fd5f44e2ee624ea3336d2872bc971, type: 3}
      propertyPath: m_LocalEulerAnglesHint.y
      value: 138.171
      objectReference: {fileID: 0}
    - target: {fileID: 8110062367962812002, guid: 3e7fd5f44e2ee624ea3336d2872bc971, type: 3}
      propertyPath: m_LocalEulerAnglesHint.z
      value: 0
      objectReference: {fileID: 0}
    m_RemovedComponents: []
    m_RemovedGameObjects: []
    m_AddedGameObjects: []
    m_AddedComponents: []
  m_SourcePrefab: {fileID: 100100000, guid: 3e7fd5f44e2ee624ea3336d2872bc971, type: 3}
--- !u!1 &552079657
GameObject:
  m_ObjectHideFlags: 0
  m_CorrespondingSourceObject: {fileID: 0}
  m_PrefabInstance: {fileID: 0}
  m_PrefabAsset: {fileID: 0}
  serializedVersion: 6
  m_Component:
  - component: {fileID: 552079658}
  - component: {fileID: 552079661}
  - component: {fileID: 552079660}
  - component: {fileID: 552079659}
  - component: {fileID: 552079662}
  - component: {fileID: 552079663}
  m_Layer: 0
  m_Name: Sun
  m_TagString: Untagged
  m_Icon: {fileID: 0}
  m_NavMeshLayer: 0
  m_StaticEditorFlags: 0
  m_IsActive: 1
--- !u!4 &552079658
Transform:
  m_ObjectHideFlags: 0
  m_CorrespondingSourceObject: {fileID: 0}
  m_PrefabInstance: {fileID: 0}
  m_PrefabAsset: {fileID: 0}
  m_GameObject: {fileID: 552079657}
  serializedVersion: 2
  m_LocalRotation: {x: -0, y: -0, z: -0, w: 1}
  m_LocalPosition: {x: 0, y: 0, z: -9.37}
  m_LocalScale: {x: 3, y: 3, z: 3}
  m_ConstrainProportionsScale: 1
  m_Children: []
  m_Father: {fileID: 918548470}
  m_LocalEulerAnglesHint: {x: 0, y: 0, z: 0}
--- !u!135 &552079659
SphereCollider:
  m_ObjectHideFlags: 0
  m_CorrespondingSourceObject: {fileID: 0}
  m_PrefabInstance: {fileID: 0}
  m_PrefabAsset: {fileID: 0}
  m_GameObject: {fileID: 552079657}
  m_Material: {fileID: 0}
  m_IncludeLayers:
    serializedVersion: 2
    m_Bits: 0
  m_ExcludeLayers:
    serializedVersion: 2
    m_Bits: 0
  m_LayerOverridePriority: 0
  m_IsTrigger: 0
  m_ProvidesContacts: 0
  m_Enabled: 1
  serializedVersion: 3
  m_Radius: 0.5
  m_Center: {x: 0, y: 0, z: 0}
--- !u!23 &552079660
MeshRenderer:
  m_ObjectHideFlags: 0
  m_CorrespondingSourceObject: {fileID: 0}
  m_PrefabInstance: {fileID: 0}
  m_PrefabAsset: {fileID: 0}
  m_GameObject: {fileID: 552079657}
  m_Enabled: 1
  m_CastShadows: 1
  m_ReceiveShadows: 1
  m_DynamicOccludee: 1
  m_StaticShadowCaster: 0
  m_MotionVectors: 1
  m_LightProbeUsage: 1
  m_ReflectionProbeUsage: 1
  m_RayTracingMode: 2
  m_RayTraceProcedural: 0
  m_RenderingLayerMask: 1
  m_RendererPriority: 0
  m_Materials:
  - {fileID: 2100000, guid: d3a9f59c7009d77458c537f794e45746, type: 2}
  m_StaticBatchInfo:
    firstSubMesh: 0
    subMeshCount: 0
  m_StaticBatchRoot: {fileID: 0}
  m_ProbeAnchor: {fileID: 0}
  m_LightProbeVolumeOverride: {fileID: 0}
  m_ScaleInLightmap: 1
  m_ReceiveGI: 1
  m_PreserveUVs: 0
  m_IgnoreNormalsForChartDetection: 0
  m_ImportantGI: 0
  m_StitchLightmapSeams: 1
  m_SelectedEditorRenderState: 3
  m_MinimumChartSize: 4
  m_AutoUVMaxDistance: 0.5
  m_AutoUVMaxAngle: 89
  m_LightmapParameters: {fileID: 0}
  m_SortingLayerID: 0
  m_SortingLayer: 0
  m_SortingOrder: 0
  m_AdditionalVertexStreams: {fileID: 0}
--- !u!33 &552079661
MeshFilter:
  m_ObjectHideFlags: 0
  m_CorrespondingSourceObject: {fileID: 0}
  m_PrefabInstance: {fileID: 0}
  m_PrefabAsset: {fileID: 0}
  m_GameObject: {fileID: 552079657}
  m_Mesh: {fileID: 10207, guid: 0000000000000000e000000000000000, type: 0}
--- !u!114 &552079662
MonoBehaviour:
  m_ObjectHideFlags: 0
  m_CorrespondingSourceObject: {fileID: 0}
  m_PrefabInstance: {fileID: 0}
  m_PrefabAsset: {fileID: 0}
  m_GameObject: {fileID: 552079657}
  m_Enabled: 1
  m_EditorHideFlags: 0
  m_Script: {fileID: 11500000, guid: a010612d3e1671d43aa83f31cd33ddef, type: 3}
  m_Name: 
  m_EditorClassIdentifier: 
  target: {fileID: 552079658}
  speed: 12
--- !u!82 &552079663
AudioSource:
  m_ObjectHideFlags: 0
  m_CorrespondingSourceObject: {fileID: 0}
  m_PrefabInstance: {fileID: 0}
  m_PrefabAsset: {fileID: 0}
  m_GameObject: {fileID: 552079657}
  m_Enabled: 1
  serializedVersion: 4
  OutputAudioMixerGroup: {fileID: 0}
  m_audioClip: {fileID: 8300000, guid: 0b0f2731a31f16444924b13537ea9df9, type: 3}
  m_PlayOnAwake: 1
  m_Volume: 1
  m_Pitch: 1
  Loop: 1
  Mute: 0
  Spatialize: 0
  SpatializePostEffects: 0
  Priority: 128
  DopplerLevel: 1
  MinDistance: 1
  MaxDistance: 500
  Pan2D: 0
  rolloffMode: 0
  BypassEffects: 0
  BypassListenerEffects: 0
  BypassReverbZones: 0
  rolloffCustomCurve:
    serializedVersion: 2
    m_Curve:
    - serializedVersion: 3
      time: 0
      value: 1
      inSlope: 0
      outSlope: 0
      tangentMode: 0
      weightedMode: 0
      inWeight: 0.33333334
      outWeight: 0.33333334
    - serializedVersion: 3
      time: 1
      value: 0
      inSlope: 0
      outSlope: 0
      tangentMode: 0
      weightedMode: 0
      inWeight: 0.33333334
      outWeight: 0.33333334
    m_PreInfinity: 2
    m_PostInfinity: 2
    m_RotationOrder: 4
  panLevelCustomCurve:
    serializedVersion: 2
    m_Curve:
    - serializedVersion: 3
      time: 0
      value: 0
      inSlope: 0
      outSlope: 0
      tangentMode: 0
      weightedMode: 0
      inWeight: 0.33333334
      outWeight: 0.33333334
    m_PreInfinity: 2
    m_PostInfinity: 2
    m_RotationOrder: 4
  spreadCustomCurve:
    serializedVersion: 2
    m_Curve:
    - serializedVersion: 3
      time: 0
      value: 0
      inSlope: 0
      outSlope: 0
      tangentMode: 0
      weightedMode: 0
      inWeight: 0.33333334
      outWeight: 0.33333334
    m_PreInfinity: 2
    m_PostInfinity: 2
    m_RotationOrder: 4
  reverbZoneMixCustomCurve:
    serializedVersion: 2
    m_Curve:
    - serializedVersion: 3
      time: 0
      value: 1
      inSlope: 0
      outSlope: 0
      tangentMode: 0
      weightedMode: 0
      inWeight: 0.33333334
      outWeight: 0.33333334
    m_PreInfinity: 2
    m_PostInfinity: 2
    m_RotationOrder: 4
--- !u!1001 &679286526
PrefabInstance:
  m_ObjectHideFlags: 0
  serializedVersion: 2
  m_Modification:
    serializedVersion: 3
    m_TransformParent: {fileID: 0}
    m_Modifications:
    - target: {fileID: 571038414232033696, guid: 3e7fd5f44e2ee624ea3336d2872bc971, type: 3}
      propertyPath: m_Name
      value: Comet Spawner (6)
      objectReference: {fileID: 0}
    - target: {fileID: 6215586967818181147, guid: 3e7fd5f44e2ee624ea3336d2872bc971, type: 3}
      propertyPath: spawnPrefab
      value: 
      objectReference: {fileID: 4163773346883734486, guid: 716b948cf08e30a49b02df028042f797, type: 3}
    - target: {fileID: 8110062367962812002, guid: 3e7fd5f44e2ee624ea3336d2872bc971, type: 3}
      propertyPath: m_LocalPosition.x
      value: 4.618536
      objectReference: {fileID: 0}
    - target: {fileID: 8110062367962812002, guid: 3e7fd5f44e2ee624ea3336d2872bc971, type: 3}
      propertyPath: m_LocalPosition.y
      value: 0
      objectReference: {fileID: 0}
    - target: {fileID: 8110062367962812002, guid: 3e7fd5f44e2ee624ea3336d2872bc971, type: 3}
      propertyPath: m_LocalPosition.z
      value: -14.873233
      objectReference: {fileID: 0}
    - target: {fileID: 8110062367962812002, guid: 3e7fd5f44e2ee624ea3336d2872bc971, type: 3}
      propertyPath: m_LocalRotation.w
      value: 0.923136
      objectReference: {fileID: 0}
    - target: {fileID: 8110062367962812002, guid: 3e7fd5f44e2ee624ea3336d2872bc971, type: 3}
      propertyPath: m_LocalRotation.x
      value: -0
      objectReference: {fileID: 0}
    - target: {fileID: 8110062367962812002, guid: 3e7fd5f44e2ee624ea3336d2872bc971, type: 3}
      propertyPath: m_LocalRotation.y
      value: -0.3844736
      objectReference: {fileID: 0}
    - target: {fileID: 8110062367962812002, guid: 3e7fd5f44e2ee624ea3336d2872bc971, type: 3}
      propertyPath: m_LocalRotation.z
      value: -0
      objectReference: {fileID: 0}
    - target: {fileID: 8110062367962812002, guid: 3e7fd5f44e2ee624ea3336d2872bc971, type: 3}
      propertyPath: m_LocalEulerAnglesHint.x
      value: 0
      objectReference: {fileID: 0}
    - target: {fileID: 8110062367962812002, guid: 3e7fd5f44e2ee624ea3336d2872bc971, type: 3}
      propertyPath: m_LocalEulerAnglesHint.y
      value: -45.222
      objectReference: {fileID: 0}
    - target: {fileID: 8110062367962812002, guid: 3e7fd5f44e2ee624ea3336d2872bc971, type: 3}
      propertyPath: m_LocalEulerAnglesHint.z
      value: 0
      objectReference: {fileID: 0}
    m_RemovedComponents: []
    m_RemovedGameObjects: []
    m_AddedGameObjects: []
    m_AddedComponents: []
  m_SourcePrefab: {fileID: 100100000, guid: 3e7fd5f44e2ee624ea3336d2872bc971, type: 3}
--- !u!1 &705507993
GameObject:
  m_ObjectHideFlags: 0
  m_CorrespondingSourceObject: {fileID: 0}
  m_PrefabInstance: {fileID: 0}
  m_PrefabAsset: {fileID: 0}
  serializedVersion: 6
  m_Component:
  - component: {fileID: 705507995}
  - component: {fileID: 705507994}
  m_Layer: 0
  m_Name: Directional Light
  m_TagString: Untagged
  m_Icon: {fileID: 0}
  m_NavMeshLayer: 0
  m_StaticEditorFlags: 0
  m_IsActive: 1
--- !u!108 &705507994
Light:
  m_ObjectHideFlags: 0
  m_CorrespondingSourceObject: {fileID: 0}
  m_PrefabInstance: {fileID: 0}
  m_PrefabAsset: {fileID: 0}
  m_GameObject: {fileID: 705507993}
  m_Enabled: 1
  serializedVersion: 10
  m_Type: 1
  m_Shape: 0
  m_Color: {r: 1, g: 0.95686275, b: 0.8392157, a: 1}
  m_Intensity: 1
  m_Range: 10
  m_SpotAngle: 30
  m_InnerSpotAngle: 21.80208
  m_CookieSize: 10
  m_Shadows:
    m_Type: 2
    m_Resolution: -1
    m_CustomResolution: -1
    m_Strength: 1
    m_Bias: 0.05
    m_NormalBias: 0.4
    m_NearPlane: 0.2
    m_CullingMatrixOverride:
      e00: 1
      e01: 0
      e02: 0
      e03: 0
      e10: 0
      e11: 1
      e12: 0
      e13: 0
      e20: 0
      e21: 0
      e22: 1
      e23: 0
      e30: 0
      e31: 0
      e32: 0
      e33: 1
    m_UseCullingMatrixOverride: 0
  m_Cookie: {fileID: 0}
  m_DrawHalo: 0
  m_Flare: {fileID: 0}
  m_RenderMode: 0
  m_CullingMask:
    serializedVersion: 2
    m_Bits: 4294967295
  m_RenderingLayerMask: 1
  m_Lightmapping: 2
  m_LightShadowCasterMode: 0
  m_AreaSize: {x: 1, y: 1}
  m_BounceIntensity: 1
  m_ColorTemperature: 6570
  m_UseColorTemperature: 0
  m_BoundingSphereOverride: {x: 0, y: 0, z: 0, w: 0}
  m_UseBoundingSphereOverride: 0
  m_UseViewFrustumForShadowCasterCull: 1
  m_ShadowRadius: 0
  m_ShadowAngle: 0
--- !u!4 &705507995
Transform:
  m_ObjectHideFlags: 0
  m_CorrespondingSourceObject: {fileID: 0}
  m_PrefabInstance: {fileID: 0}
  m_PrefabAsset: {fileID: 0}
  m_GameObject: {fileID: 705507993}
  serializedVersion: 2
  m_LocalRotation: {x: -0.650283, y: -0.08964606, z: 0.051240787, w: -0.75264204}
  m_LocalPosition: {x: -17.04, y: -8.36, z: -22.26}
  m_LocalScale: {x: 1, y: 1, z: 1}
  m_ConstrainProportionsScale: 1
  m_Children: []
  m_Father: {fileID: 0}
  m_LocalEulerAnglesHint: {x: 81.133, y: -333.699, z: -705.168}
--- !u!1 &918548469
GameObject:
  m_ObjectHideFlags: 0
  m_CorrespondingSourceObject: {fileID: 0}
  m_PrefabInstance: {fileID: 0}
  m_PrefabAsset: {fileID: 0}
  serializedVersion: 6
  m_Component:
  - component: {fileID: 918548470}
  m_Layer: 0
  m_Name: Suriya System
  m_TagString: Untagged
  m_Icon: {fileID: 0}
  m_NavMeshLayer: 0
  m_StaticEditorFlags: 0
  m_IsActive: 1
--- !u!4 &918548470
Transform:
  m_ObjectHideFlags: 0
  m_CorrespondingSourceObject: {fileID: 0}
  m_PrefabInstance: {fileID: 0}
  m_PrefabAsset: {fileID: 0}
  m_GameObject: {fileID: 918548469}
  serializedVersion: 2
  m_LocalRotation: {x: 0, y: 0, z: 0, w: 1}
  m_LocalPosition: {x: -0.65560055, y: 0.4871273, z: 0.34558964}
  m_LocalScale: {x: 1, y: 1, z: 1}
  m_ConstrainProportionsScale: 0
  m_Children:
  - {fileID: 552079658}
  - {fileID: 2108225479}
  - {fileID: 1410980943}
  - {fileID: 1778584914}
  - {fileID: 9494275}
  - {fileID: 1587629}
  m_Father: {fileID: 0}
  m_LocalEulerAnglesHint: {x: 0, y: 0, z: 0}
--- !u!1 &960271422
GameObject:
  m_ObjectHideFlags: 0
  m_CorrespondingSourceObject: {fileID: 0}
  m_PrefabInstance: {fileID: 0}
  m_PrefabAsset: {fileID: 0}
  serializedVersion: 6
  m_Component:
  - component: {fileID: 960271424}
  - component: {fileID: 960271423}
  m_Layer: 0
  m_Name: Point Light
  m_TagString: Untagged
  m_Icon: {fileID: 0}
  m_NavMeshLayer: 0
  m_StaticEditorFlags: 0
  m_IsActive: 1
--- !u!108 &960271423
Light:
  m_ObjectHideFlags: 0
  m_CorrespondingSourceObject: {fileID: 0}
  m_PrefabInstance: {fileID: 0}
  m_PrefabAsset: {fileID: 0}
  m_GameObject: {fileID: 960271422}
  m_Enabled: 1
  serializedVersion: 10
  m_Type: 2
  m_Shape: 0
  m_Color: {r: 1, g: 1, b: 1, a: 1}
  m_Intensity: 12
  m_Range: 23
  m_SpotAngle: 30
  m_InnerSpotAngle: 21.80208
  m_CookieSize: 10
  m_Shadows:
    m_Type: 0
    m_Resolution: -1
    m_CustomResolution: -1
    m_Strength: 1
    m_Bias: 0.05
    m_NormalBias: 0.4
    m_NearPlane: 0.2
    m_CullingMatrixOverride:
      e00: 1
      e01: 0
      e02: 0
      e03: 0
      e10: 0
      e11: 1
      e12: 0
      e13: 0
      e20: 0
      e21: 0
      e22: 1
      e23: 0
      e30: 0
      e31: 0
      e32: 0
      e33: 1
    m_UseCullingMatrixOverride: 0
  m_Cookie: {fileID: 0}
  m_DrawHalo: 0
  m_Flare: {fileID: 0}
  m_RenderMode: 0
  m_CullingMask:
    serializedVersion: 2
    m_Bits: 4294967295
  m_RenderingLayerMask: 1
  m_Lightmapping: 4
  m_LightShadowCasterMode: 0
  m_AreaSize: {x: 1, y: 1}
  m_BounceIntensity: 1
  m_ColorTemperature: 6570
  m_UseColorTemperature: 0
  m_BoundingSphereOverride: {x: 0, y: 0, z: 0, w: 0}
  m_UseBoundingSphereOverride: 0
  m_UseViewFrustumForShadowCasterCull: 1
  m_ShadowRadius: 0
  m_ShadowAngle: 0
--- !u!4 &960271424
Transform:
  m_ObjectHideFlags: 0
  m_CorrespondingSourceObject: {fileID: 0}
  m_PrefabInstance: {fileID: 0}
  m_PrefabAsset: {fileID: 0}
  m_GameObject: {fileID: 960271422}
  serializedVersion: 2
  m_LocalRotation: {x: -0, y: -0.13625267, z: -0, w: 0.9906742}
  m_LocalPosition: {x: -2.06, y: 0, z: -9.37}
  m_LocalScale: {x: 1, y: 1, z: 1}
  m_ConstrainProportionsScale: 0
  m_Children: []
  m_Father: {fileID: 0}
  m_LocalEulerAnglesHint: {x: 0, y: -15.662, z: 0}
--- !u!1 &963194225
GameObject:
  m_ObjectHideFlags: 0
  m_CorrespondingSourceObject: {fileID: 0}
  m_PrefabInstance: {fileID: 0}
  m_PrefabAsset: {fileID: 0}
  serializedVersion: 6
  m_Component:
  - component: {fileID: 963194228}
  - component: {fileID: 963194227}
  - component: {fileID: 963194226}
  - component: {fileID: 963194229}
  m_Layer: 0
  m_Name: Main Camera
  m_TagString: MainCamera
  m_Icon: {fileID: 0}
  m_NavMeshLayer: 0
  m_StaticEditorFlags: 0
  m_IsActive: 1
--- !u!81 &963194226
AudioListener:
  m_ObjectHideFlags: 0
  m_CorrespondingSourceObject: {fileID: 0}
  m_PrefabInstance: {fileID: 0}
  m_PrefabAsset: {fileID: 0}
  m_GameObject: {fileID: 963194225}
  m_Enabled: 1
--- !u!20 &963194227
Camera:
  m_ObjectHideFlags: 0
  m_CorrespondingSourceObject: {fileID: 0}
  m_PrefabInstance: {fileID: 0}
  m_PrefabAsset: {fileID: 0}
  m_GameObject: {fileID: 963194225}
  m_Enabled: 1
  serializedVersion: 2
  m_ClearFlags: 1
  m_BackGroundColor: {r: 0.19215687, g: 0.3019608, b: 0.4745098, a: 0}
  m_projectionMatrixMode: 1
  m_GateFitMode: 2
  m_FOVAxisMode: 0
  m_Iso: 200
  m_ShutterSpeed: 0.005
  m_Aperture: 16
  m_FocusDistance: 10
  m_FocalLength: 50
  m_BladeCount: 5
  m_Curvature: {x: 2, y: 11}
  m_BarrelClipping: 0.25
  m_Anamorphism: 0
  m_SensorSize: {x: 36, y: 24}
  m_LensShift: {x: 0, y: 0}
  m_NormalizedViewPortRect:
    serializedVersion: 2
    x: 0
    y: 0
    width: 1
    height: 1
  near clip plane: 0.3
  far clip plane: 1000
  field of view: 91.3
  orthographic: 0
  orthographic size: 5
  m_Depth: -1
  m_CullingMask:
    serializedVersion: 2
    m_Bits: 4294967295
  m_RenderingPath: -1
  m_TargetTexture: {fileID: 0}
  m_TargetDisplay: 0
  m_TargetEye: 3
  m_HDR: 1
  m_AllowMSAA: 1
  m_AllowDynamicResolution: 0
  m_ForceIntoRT: 0
  m_OcclusionCulling: 1
  m_StereoConvergence: 10
  m_StereoSeparation: 0.022
--- !u!4 &963194228
Transform:
  m_ObjectHideFlags: 0
  m_CorrespondingSourceObject: {fileID: 0}
  m_PrefabInstance: {fileID: 0}
  m_PrefabAsset: {fileID: 0}
  m_GameObject: {fileID: 963194225}
  serializedVersion: 2
  m_LocalRotation: {x: 0.288917, y: -0.7087542, z: 0.41969642, w: 0.487903}
  m_LocalPosition: {x: 0.95, y: 8.1, z: -5.02}
  m_LocalScale: {x: 1, y: 1, z: 1}
  m_ConstrainProportionsScale: 0
  m_Children: []
  m_Father: {fileID: 0}
  m_LocalEulerAnglesHint: {x: 61.265, y: -110.913, z: 0}
--- !u!114 &963194229
MonoBehaviour:
  m_ObjectHideFlags: 0
  m_CorrespondingSourceObject: {fileID: 0}
  m_PrefabInstance: {fileID: 0}
  m_PrefabAsset: {fileID: 0}
  m_GameObject: {fileID: 963194225}
  m_Enabled: 1
  m_EditorHideFlags: 0
  m_Script: {fileID: 11500000, guid: 5dd09f7c3578b054bbdeb70ab339eaad, type: 3}
  m_Name: 
  m_EditorClassIdentifier: 
  defaultTarget: {fileID: 0}
  currentTarget: {fileID: 0}
--- !u!1001 &1032256163
PrefabInstance:
  m_ObjectHideFlags: 0
  serializedVersion: 2
  m_Modification:
    serializedVersion: 3
    m_TransformParent: {fileID: 0}
    m_Modifications:
    - target: {fileID: 571038414232033696, guid: 3e7fd5f44e2ee624ea3336d2872bc971, type: 3}
      propertyPath: m_Name
      value: Comet Spawner
      objectReference: {fileID: 0}
    - target: {fileID: 6215586967818181147, guid: 3e7fd5f44e2ee624ea3336d2872bc971, type: 3}
      propertyPath: spawnPrefab
      value: 
      objectReference: {fileID: 2247755549915774491, guid: 29e6e42ec5c80a340b997a1184a3d818, type: 3}
    - target: {fileID: 8110062367962812002, guid: 3e7fd5f44e2ee624ea3336d2872bc971, type: 3}
      propertyPath: m_LocalPosition.x
      value: -9.79
      objectReference: {fileID: 0}
    - target: {fileID: 8110062367962812002, guid: 3e7fd5f44e2ee624ea3336d2872bc971, type: 3}
      propertyPath: m_LocalPosition.y
      value: 0
      objectReference: {fileID: 0}
    - target: {fileID: 8110062367962812002, guid: 3e7fd5f44e2ee624ea3336d2872bc971, type: 3}
      propertyPath: m_LocalPosition.z
      value: -1.93
      objectReference: {fileID: 0}
    - target: {fileID: 8110062367962812002, guid: 3e7fd5f44e2ee624ea3336d2872bc971, type: 3}
      propertyPath: m_LocalRotation.w
      value: 0.45496216
      objectReference: {fileID: 0}
    - target: {fileID: 8110062367962812002, guid: 3e7fd5f44e2ee624ea3336d2872bc971, type: 3}
      propertyPath: m_LocalRotation.x
      value: 0
      objectReference: {fileID: 0}
    - target: {fileID: 8110062367962812002, guid: 3e7fd5f44e2ee624ea3336d2872bc971, type: 3}
      propertyPath: m_LocalRotation.y
      value: 0.8905108
      objectReference: {fileID: 0}
    - target: {fileID: 8110062367962812002, guid: 3e7fd5f44e2ee624ea3336d2872bc971, type: 3}
      propertyPath: m_LocalRotation.z
      value: 0
      objectReference: {fileID: 0}
    - target: {fileID: 8110062367962812002, guid: 3e7fd5f44e2ee624ea3336d2872bc971, type: 3}
      propertyPath: m_LocalEulerAnglesHint.x
      value: 0
      objectReference: {fileID: 0}
    - target: {fileID: 8110062367962812002, guid: 3e7fd5f44e2ee624ea3336d2872bc971, type: 3}
      propertyPath: m_LocalEulerAnglesHint.y
      value: 125.875
      objectReference: {fileID: 0}
    - target: {fileID: 8110062367962812002, guid: 3e7fd5f44e2ee624ea3336d2872bc971, type: 3}
      propertyPath: m_LocalEulerAnglesHint.z
      value: 0
      objectReference: {fileID: 0}
    m_RemovedComponents: []
    m_RemovedGameObjects: []
    m_AddedGameObjects: []
    m_AddedComponents: []
  m_SourcePrefab: {fileID: 100100000, guid: 3e7fd5f44e2ee624ea3336d2872bc971, type: 3}
--- !u!1001 &1314470640
PrefabInstance:
  m_ObjectHideFlags: 0
  serializedVersion: 2
  m_Modification:
    serializedVersion: 3
    m_TransformParent: {fileID: 0}
    m_Modifications:
    - target: {fileID: 571038414232033696, guid: 3e7fd5f44e2ee624ea3336d2872bc971, type: 3}
      propertyPath: m_Name
      value: Comet Spawner (1)
      objectReference: {fileID: 0}
    - target: {fileID: 6215586967818181147, guid: 3e7fd5f44e2ee624ea3336d2872bc971, type: 3}
      propertyPath: spawnPrefab
      value: 
      objectReference: {fileID: 4704827907012403971, guid: 9a4caf04e9fda3d4999b9925eb3b71c8, type: 3}
    - target: {fileID: 8110062367962812002, guid: 3e7fd5f44e2ee624ea3336d2872bc971, type: 3}
      propertyPath: m_LocalPosition.x
      value: -10.69
      objectReference: {fileID: 0}
    - target: {fileID: 8110062367962812002, guid: 3e7fd5f44e2ee624ea3336d2872bc971, type: 3}
      propertyPath: m_LocalPosition.y
      value: 0
      objectReference: {fileID: 0}
    - target: {fileID: 8110062367962812002, guid: 3e7fd5f44e2ee624ea3336d2872bc971, type: 3}
      propertyPath: m_LocalPosition.z
      value: -7.03
      objectReference: {fileID: 0}
    - target: {fileID: 8110062367962812002, guid: 3e7fd5f44e2ee624ea3336d2872bc971, type: 3}
      propertyPath: m_LocalRotation.w
      value: 0.5849294
      objectReference: {fileID: 0}
    - target: {fileID: 8110062367962812002, guid: 3e7fd5f44e2ee624ea3336d2872bc971, type: 3}
      propertyPath: m_LocalRotation.x
      value: 0
      objectReference: {fileID: 0}
    - target: {fileID: 8110062367962812002, guid: 3e7fd5f44e2ee624ea3336d2872bc971, type: 3}
      propertyPath: m_LocalRotation.y
      value: 0.8110842
      objectReference: {fileID: 0}
    - target: {fileID: 8110062367962812002, guid: 3e7fd5f44e2ee624ea3336d2872bc971, type: 3}
      propertyPath: m_LocalRotation.z
      value: 0
      objectReference: {fileID: 0}
    - target: {fileID: 8110062367962812002, guid: 3e7fd5f44e2ee624ea3336d2872bc971, type: 3}
      propertyPath: m_LocalEulerAnglesHint.x
      value: 0
      objectReference: {fileID: 0}
    - target: {fileID: 8110062367962812002, guid: 3e7fd5f44e2ee624ea3336d2872bc971, type: 3}
      propertyPath: m_LocalEulerAnglesHint.y
      value: 108.404
      objectReference: {fileID: 0}
    - target: {fileID: 8110062367962812002, guid: 3e7fd5f44e2ee624ea3336d2872bc971, type: 3}
      propertyPath: m_LocalEulerAnglesHint.z
      value: 0
      objectReference: {fileID: 0}
    m_RemovedComponents: []
    m_RemovedGameObjects: []
    m_AddedGameObjects: []
    m_AddedComponents: []
  m_SourcePrefab: {fileID: 100100000, guid: 3e7fd5f44e2ee624ea3336d2872bc971, type: 3}
--- !u!1 &1410980942
GameObject:
  m_ObjectHideFlags: 0
  m_CorrespondingSourceObject: {fileID: 0}
  m_PrefabInstance: {fileID: 0}
  m_PrefabAsset: {fileID: 0}
  serializedVersion: 6
  m_Component:
  - component: {fileID: 1410980943}
  - component: {fileID: 1410980947}
  - component: {fileID: 1410980946}
  - component: {fileID: 1410980945}
  - component: {fileID: 1410980944}
  - component: {fileID: 1410980948}
  - component: {fileID: 1410980949}
  m_Layer: 0
  m_Name: Earth
  m_TagString: Untagged
  m_Icon: {fileID: 0}
  m_NavMeshLayer: 0
  m_StaticEditorFlags: 0
  m_IsActive: 1
--- !u!4 &1410980943
Transform:
  m_ObjectHideFlags: 0
  m_CorrespondingSourceObject: {fileID: 0}
  m_PrefabInstance: {fileID: 0}
  m_PrefabAsset: {fileID: 0}
  m_GameObject: {fileID: 1410980942}
  serializedVersion: 2
  m_LocalRotation: {x: -0, y: -0, z: -0, w: 1}
  m_LocalPosition: {x: 0, y: 0, z: -5.229}
  m_LocalScale: {x: 1, y: 1, z: 1}
  m_ConstrainProportionsScale: 0
  m_Children: []
  m_Father: {fileID: 918548470}
  m_LocalEulerAnglesHint: {x: 0, y: 0, z: 0}
--- !u!114 &1410980944
MonoBehaviour:
  m_ObjectHideFlags: 0
  m_CorrespondingSourceObject: {fileID: 0}
  m_PrefabInstance: {fileID: 0}
  m_PrefabAsset: {fileID: 0}
  m_GameObject: {fileID: 1410980942}
  m_Enabled: 1
  m_EditorHideFlags: 0
  m_Script: {fileID: 11500000, guid: a010612d3e1671d43aa83f31cd33ddef, type: 3}
  m_Name: 
  m_EditorClassIdentifier: 
  target: {fileID: 552079658}
  speed: 3
--- !u!135 &1410980945
SphereCollider:
  m_ObjectHideFlags: 0
  m_CorrespondingSourceObject: {fileID: 0}
  m_PrefabInstance: {fileID: 0}
  m_PrefabAsset: {fileID: 0}
  m_GameObject: {fileID: 1410980942}
  m_Material: {fileID: 0}
  m_IncludeLayers:
    serializedVersion: 2
    m_Bits: 0
  m_ExcludeLayers:
    serializedVersion: 2
    m_Bits: 0
  m_LayerOverridePriority: 0
  m_IsTrigger: 0
  m_ProvidesContacts: 0
  m_Enabled: 1
  serializedVersion: 3
  m_Radius: 0.5
  m_Center: {x: 0, y: 0, z: 0}
--- !u!23 &1410980946
MeshRenderer:
  m_ObjectHideFlags: 0
  m_CorrespondingSourceObject: {fileID: 0}
  m_PrefabInstance: {fileID: 0}
  m_PrefabAsset: {fileID: 0}
  m_GameObject: {fileID: 1410980942}
  m_Enabled: 1
  m_CastShadows: 1
  m_ReceiveShadows: 1
  m_DynamicOccludee: 1
  m_StaticShadowCaster: 0
  m_MotionVectors: 1
  m_LightProbeUsage: 1
  m_ReflectionProbeUsage: 1
  m_RayTracingMode: 2
  m_RayTraceProcedural: 0
  m_RenderingLayerMask: 1
  m_RendererPriority: 0
  m_Materials:
  - {fileID: 2100000, guid: 39b68789a19848e4ba301a52b0553811, type: 2}
  m_StaticBatchInfo:
    firstSubMesh: 0
    subMeshCount: 0
  m_StaticBatchRoot: {fileID: 0}
  m_ProbeAnchor: {fileID: 0}
  m_LightProbeVolumeOverride: {fileID: 0}
  m_ScaleInLightmap: 1
  m_ReceiveGI: 1
  m_PreserveUVs: 0
  m_IgnoreNormalsForChartDetection: 0
  m_ImportantGI: 0
  m_StitchLightmapSeams: 1
  m_SelectedEditorRenderState: 3
  m_MinimumChartSize: 4
  m_AutoUVMaxDistance: 0.5
  m_AutoUVMaxAngle: 89
  m_LightmapParameters: {fileID: 0}
  m_SortingLayerID: 0
  m_SortingLayer: 0
  m_SortingOrder: 0
  m_AdditionalVertexStreams: {fileID: 0}
--- !u!33 &1410980947
MeshFilter:
  m_ObjectHideFlags: 0
  m_CorrespondingSourceObject: {fileID: 0}
  m_PrefabInstance: {fileID: 0}
  m_PrefabAsset: {fileID: 0}
  m_GameObject: {fileID: 1410980942}
  m_Mesh: {fileID: 10207, guid: 0000000000000000e000000000000000, type: 0}
--- !u!114 &1410980948
MonoBehaviour:
  m_ObjectHideFlags: 0
  m_CorrespondingSourceObject: {fileID: 0}
  m_PrefabInstance: {fileID: 0}
  m_PrefabAsset: {fileID: 0}
  m_GameObject: {fileID: 1410980942}
  m_Enabled: 1
  m_EditorHideFlags: 0
  m_Script: {fileID: 11500000, guid: a010612d3e1671d43aa83f31cd33ddef, type: 3}
  m_Name: 
  m_EditorClassIdentifier: 
  target: {fileID: 1410980943}
  speed: 21
--- !u!82 &1410980949
AudioSource:
  m_ObjectHideFlags: 0
  m_CorrespondingSourceObject: {fileID: 0}
  m_PrefabInstance: {fileID: 0}
  m_PrefabAsset: {fileID: 0}
  m_GameObject: {fileID: 1410980942}
  m_Enabled: 1
  serializedVersion: 4
  OutputAudioMixerGroup: {fileID: 0}
  m_audioClip: {fileID: 8300000, guid: f54aa1a74613458479182ef21b7fbd96, type: 3}
  m_PlayOnAwake: 1
  m_Volume: 1
  m_Pitch: 1
  Loop: 1
  Mute: 0
  Spatialize: 0
  SpatializePostEffects: 0
  Priority: 128
  DopplerLevel: 1
  MinDistance: 1
  MaxDistance: 15
  Pan2D: 0
  rolloffMode: 0
  BypassEffects: 0
  BypassListenerEffects: 0
  BypassReverbZones: 0
  rolloffCustomCurve:
    serializedVersion: 2
    m_Curve:
    - serializedVersion: 3
      time: 0
      value: 1
      inSlope: 0
      outSlope: 0
      tangentMode: 0
      weightedMode: 0
      inWeight: 0.33333334
      outWeight: 0.33333334
    - serializedVersion: 3
      time: 1
      value: 0
      inSlope: 0
      outSlope: 0
      tangentMode: 0
      weightedMode: 0
      inWeight: 0.33333334
      outWeight: 0.33333334
    m_PreInfinity: 2
    m_PostInfinity: 2
    m_RotationOrder: 4
  panLevelCustomCurve:
    serializedVersion: 2
    m_Curve:
    - serializedVersion: 3
      time: 0
      value: 1
      inSlope: 0
      outSlope: 0
      tangentMode: 0
      weightedMode: 0
      inWeight: 0.33333334
      outWeight: 0.33333334
    m_PreInfinity: 2
    m_PostInfinity: 2
    m_RotationOrder: 4
  spreadCustomCurve:
    serializedVersion: 2
    m_Curve:
    - serializedVersion: 3
      time: 0
      value: 0
      inSlope: 0
      outSlope: 0
      tangentMode: 0
      weightedMode: 0
      inWeight: 0.33333334
      outWeight: 0.33333334
    m_PreInfinity: 2
    m_PostInfinity: 2
    m_RotationOrder: 4
  reverbZoneMixCustomCurve:
    serializedVersion: 2
    m_Curve:
    - serializedVersion: 3
      time: 0
      value: 1.003
      inSlope: 0
      outSlope: 0
      tangentMode: 0
      weightedMode: 0
      inWeight: 0.33333334
      outWeight: 0.33333334
    m_PreInfinity: 2
    m_PostInfinity: 2
    m_RotationOrder: 4
--- !u!4 &1778584914 stripped
Transform:
  m_CorrespondingSourceObject: {fileID: 5350225387495950761, guid: 29e6e42ec5c80a340b997a1184a3d818, type: 3}
  m_PrefabInstance: {fileID: 4274178749173601326}
  m_PrefabAsset: {fileID: 0}
--- !u!1 &2108225478
GameObject:
  m_ObjectHideFlags: 0
  m_CorrespondingSourceObject: {fileID: 0}
  m_PrefabInstance: {fileID: 0}
  m_PrefabAsset: {fileID: 0}
  serializedVersion: 6
  m_Component:
  - component: {fileID: 2108225479}
  - component: {fileID: 2108225482}
  - component: {fileID: 2108225481}
  - component: {fileID: 2108225480}
  - component: {fileID: 2108225483}
  - component: {fileID: 2108225484}
  m_Layer: 0
  m_Name: Moon
  m_TagString: Untagged
  m_Icon: {fileID: 0}
  m_NavMeshLayer: 0
  m_StaticEditorFlags: 0
  m_IsActive: 1
--- !u!4 &2108225479
Transform:
  m_ObjectHideFlags: 0
  m_CorrespondingSourceObject: {fileID: 0}
  m_PrefabInstance: {fileID: 0}
  m_PrefabAsset: {fileID: 0}
  m_GameObject: {fileID: 2108225478}
  serializedVersion: 2
  m_LocalRotation: {x: -0, y: -0, z: -0, w: 1}
  m_LocalPosition: {x: 0, y: 0.241, z: -6.14}
  m_LocalScale: {x: 0.25, y: 0.25, z: 0.25}
  m_ConstrainProportionsScale: 1
  m_Children: []
  m_Father: {fileID: 918548470}
  m_LocalEulerAnglesHint: {x: 0, y: 0, z: 0}
--- !u!135 &2108225480
SphereCollider:
  m_ObjectHideFlags: 0
  m_CorrespondingSourceObject: {fileID: 0}
  m_PrefabInstance: {fileID: 0}
  m_PrefabAsset: {fileID: 0}
  m_GameObject: {fileID: 2108225478}
  m_Material: {fileID: 0}
  m_IncludeLayers:
    serializedVersion: 2
    m_Bits: 0
  m_ExcludeLayers:
    serializedVersion: 2
    m_Bits: 0
  m_LayerOverridePriority: 0
  m_IsTrigger: 0
  m_ProvidesContacts: 0
  m_Enabled: 1
  serializedVersion: 3
  m_Radius: 0.5
  m_Center: {x: 0, y: 0, z: 0}
--- !u!23 &2108225481
MeshRenderer:
  m_ObjectHideFlags: 0
  m_CorrespondingSourceObject: {fileID: 0}
  m_PrefabInstance: {fileID: 0}
  m_PrefabAsset: {fileID: 0}
  m_GameObject: {fileID: 2108225478}
  m_Enabled: 1
  m_CastShadows: 1
  m_ReceiveShadows: 1
  m_DynamicOccludee: 1
  m_StaticShadowCaster: 0
  m_MotionVectors: 1
  m_LightProbeUsage: 1
  m_ReflectionProbeUsage: 1
  m_RayTracingMode: 2
  m_RayTraceProcedural: 0
  m_RenderingLayerMask: 1
  m_RendererPriority: 0
  m_Materials:
  - {fileID: 2100000, guid: ac18c12c5507cae469f09894aac1b5d7, type: 2}
  m_StaticBatchInfo:
    firstSubMesh: 0
    subMeshCount: 0
  m_StaticBatchRoot: {fileID: 0}
  m_ProbeAnchor: {fileID: 0}
  m_LightProbeVolumeOverride: {fileID: 0}
  m_ScaleInLightmap: 1
  m_ReceiveGI: 1
  m_PreserveUVs: 0
  m_IgnoreNormalsForChartDetection: 0
  m_ImportantGI: 0
  m_StitchLightmapSeams: 1
  m_SelectedEditorRenderState: 3
  m_MinimumChartSize: 4
  m_AutoUVMaxDistance: 0.5
  m_AutoUVMaxAngle: 89
  m_LightmapParameters: {fileID: 0}
  m_SortingLayerID: 0
  m_SortingLayer: 0
  m_SortingOrder: 0
  m_AdditionalVertexStreams: {fileID: 0}
--- !u!33 &2108225482
MeshFilter:
  m_ObjectHideFlags: 0
  m_CorrespondingSourceObject: {fileID: 0}
  m_PrefabInstance: {fileID: 0}
  m_PrefabAsset: {fileID: 0}
  m_GameObject: {fileID: 2108225478}
  m_Mesh: {fileID: 10207, guid: 0000000000000000e000000000000000, type: 0}
--- !u!114 &2108225483
MonoBehaviour:
  m_ObjectHideFlags: 0
  m_CorrespondingSourceObject: {fileID: 0}
  m_PrefabInstance: {fileID: 0}
  m_PrefabAsset: {fileID: 0}
  m_GameObject: {fileID: 2108225478}
  m_Enabled: 1
  m_EditorHideFlags: 0
  m_Script: {fileID: 11500000, guid: a010612d3e1671d43aa83f31cd33ddef, type: 3}
  m_Name: 
  m_EditorClassIdentifier: 
  target: {fileID: 1410980943}
  speed: 30
--- !u!114 &2108225484
MonoBehaviour:
  m_ObjectHideFlags: 0
  m_CorrespondingSourceObject: {fileID: 0}
  m_PrefabInstance: {fileID: 0}
  m_PrefabAsset: {fileID: 0}
  m_GameObject: {fileID: 2108225478}
  m_Enabled: 1
  m_EditorHideFlags: 0
  m_Script: {fileID: 11500000, guid: a010612d3e1671d43aa83f31cd33ddef, type: 3}
  m_Name: 
  m_EditorClassIdentifier: 
  target: {fileID: 2108225479}
  speed: 6
--- !u!1001 &3607330841627057139
PrefabInstance:
  m_ObjectHideFlags: 0
  serializedVersion: 2
  m_Modification:
    serializedVersion: 3
    m_TransformParent: {fileID: 918548470}
    m_Modifications:
    - target: {fileID: 827912382182417959, guid: 8fa796b942f230141b9640300f60ad17, type: 3}
      propertyPath: m_Name
      value: Comet (2)
      objectReference: {fileID: 0}
    - target: {fileID: 6805824740993536405, guid: 8fa796b942f230141b9640300f60ad17, type: 3}
      propertyPath: m_LocalPosition.x
      value: -4.99
      objectReference: {fileID: 0}
    - target: {fileID: 6805824740993536405, guid: 8fa796b942f230141b9640300f60ad17, type: 3}
      propertyPath: m_LocalPosition.y
      value: 0
      objectReference: {fileID: 0}
    - target: {fileID: 6805824740993536405, guid: 8fa796b942f230141b9640300f60ad17, type: 3}
      propertyPath: m_LocalPosition.z
      value: -4.01
      objectReference: {fileID: 0}
    - target: {fileID: 6805824740993536405, guid: 8fa796b942f230141b9640300f60ad17, type: 3}
      propertyPath: m_LocalRotation.w
      value: 0.35696486
      objectReference: {fileID: 0}
    - target: {fileID: 6805824740993536405, guid: 8fa796b942f230141b9640300f60ad17, type: 3}
      propertyPath: m_LocalRotation.x
      value: -0.0015811586
      objectReference: {fileID: 0}
    - target: {fileID: 6805824740993536405, guid: 8fa796b942f230141b9640300f60ad17, type: 3}
      propertyPath: m_LocalRotation.y
      value: 0.9341101
      objectReference: {fileID: 0}
    - target: {fileID: 6805824740993536405, guid: 8fa796b942f230141b9640300f60ad17, type: 3}
      propertyPath: m_LocalRotation.z
      value: -0.0034651952
      objectReference: {fileID: 0}
    - target: {fileID: 6805824740993536405, guid: 8fa796b942f230141b9640300f60ad17, type: 3}
      propertyPath: m_LocalEulerAnglesHint.x
      value: 0.306
      objectReference: {fileID: 0}
    - target: {fileID: 6805824740993536405, guid: 8fa796b942f230141b9640300f60ad17, type: 3}
      propertyPath: m_LocalEulerAnglesHint.y
      value: 138.171
      objectReference: {fileID: 0}
    - target: {fileID: 6805824740993536405, guid: 8fa796b942f230141b9640300f60ad17, type: 3}
      propertyPath: m_LocalEulerAnglesHint.z
      value: -0.311
      objectReference: {fileID: 0}
    m_RemovedComponents: []
    m_RemovedGameObjects: []
    m_AddedGameObjects: []
    m_AddedComponents: []
  m_SourcePrefab: {fileID: 100100000, guid: 8fa796b942f230141b9640300f60ad17, type: 3}
--- !u!1001 &4274178749173601326
PrefabInstance:
  m_ObjectHideFlags: 0
  serializedVersion: 2
  m_Modification:
    serializedVersion: 3
    m_TransformParent: {fileID: 918548470}
    m_Modifications:
    - target: {fileID: 2247755549915774491, guid: 29e6e42ec5c80a340b997a1184a3d818, type: 3}
      propertyPath: m_Name
      value: Comet
      objectReference: {fileID: 0}
    - target: {fileID: 2517228469098477776, guid: 29e6e42ec5c80a340b997a1184a3d818, type: 3}
      propertyPath: destroyDistance
      value: 15
      objectReference: {fileID: 0}
    - target: {fileID: 5350225387495950761, guid: 29e6e42ec5c80a340b997a1184a3d818, type: 3}
      propertyPath: m_LocalPosition.x
      value: -9.79
      objectReference: {fileID: 0}
    - target: {fileID: 5350225387495950761, guid: 29e6e42ec5c80a340b997a1184a3d818, type: 3}
      propertyPath: m_LocalPosition.y
      value: 0
      objectReference: {fileID: 0}
    - target: {fileID: 5350225387495950761, guid: 29e6e42ec5c80a340b997a1184a3d818, type: 3}
      propertyPath: m_LocalPosition.z
      value: -1.93
      objectReference: {fileID: 0}
    - target: {fileID: 5350225387495950761, guid: 29e6e42ec5c80a340b997a1184a3d818, type: 3}
      propertyPath: m_LocalRotation.w
      value: 0.45496225
      objectReference: {fileID: 0}
    - target: {fileID: 5350225387495950761, guid: 29e6e42ec5c80a340b997a1184a3d818, type: 3}
      propertyPath: m_LocalRotation.x
      value: -0
      objectReference: {fileID: 0}
    - target: {fileID: 5350225387495950761, guid: 29e6e42ec5c80a340b997a1184a3d818, type: 3}
      propertyPath: m_LocalRotation.y
      value: 0.89051074
      objectReference: {fileID: 0}
    - target: {fileID: 5350225387495950761, guid: 29e6e42ec5c80a340b997a1184a3d818, type: 3}
      propertyPath: m_LocalRotation.z
      value: -0
      objectReference: {fileID: 0}
    - target: {fileID: 5350225387495950761, guid: 29e6e42ec5c80a340b997a1184a3d818, type: 3}
      propertyPath: m_LocalEulerAnglesHint.x
      value: 0
      objectReference: {fileID: 0}
    - target: {fileID: 5350225387495950761, guid: 29e6e42ec5c80a340b997a1184a3d818, type: 3}
      propertyPath: m_LocalEulerAnglesHint.y
      value: 125.875
      objectReference: {fileID: 0}
    - target: {fileID: 5350225387495950761, guid: 29e6e42ec5c80a340b997a1184a3d818, type: 3}
      propertyPath: m_LocalEulerAnglesHint.z
      value: 0
      objectReference: {fileID: 0}
    m_RemovedComponents: []
    m_RemovedGameObjects: []
    m_AddedGameObjects: []
    m_AddedComponents: []
  m_SourcePrefab: {fileID: 100100000, guid: 29e6e42ec5c80a340b997a1184a3d818, type: 3}
--- !u!1001 &8256926071023231597
PrefabInstance:
  m_ObjectHideFlags: 0
  serializedVersion: 2
  m_Modification:
    serializedVersion: 3
    m_TransformParent: {fileID: 918548470}
    m_Modifications:
    - target: {fileID: 1460459760234845361, guid: 9a4caf04e9fda3d4999b9925eb3b71c8, type: 3}
      propertyPath: m_LocalPosition.x
      value: -10.69
      objectReference: {fileID: 0}
    - target: {fileID: 1460459760234845361, guid: 9a4caf04e9fda3d4999b9925eb3b71c8, type: 3}
      propertyPath: m_LocalPosition.y
      value: 0
      objectReference: {fileID: 0}
    - target: {fileID: 1460459760234845361, guid: 9a4caf04e9fda3d4999b9925eb3b71c8, type: 3}
      propertyPath: m_LocalPosition.z
      value: -7.03
      objectReference: {fileID: 0}
    - target: {fileID: 1460459760234845361, guid: 9a4caf04e9fda3d4999b9925eb3b71c8, type: 3}
      propertyPath: m_LocalRotation.w
      value: 0.58492607
      objectReference: {fileID: 0}
    - target: {fileID: 1460459760234845361, guid: 9a4caf04e9fda3d4999b9925eb3b71c8, type: 3}
      propertyPath: m_LocalRotation.x
      value: -0
      objectReference: {fileID: 0}
    - target: {fileID: 1460459760234845361, guid: 9a4caf04e9fda3d4999b9925eb3b71c8, type: 3}
      propertyPath: m_LocalRotation.y
      value: 0.81108665
      objectReference: {fileID: 0}
    - target: {fileID: 1460459760234845361, guid: 9a4caf04e9fda3d4999b9925eb3b71c8, type: 3}
      propertyPath: m_LocalRotation.z
      value: -0
      objectReference: {fileID: 0}
    - target: {fileID: 1460459760234845361, guid: 9a4caf04e9fda3d4999b9925eb3b71c8, type: 3}
      propertyPath: m_LocalEulerAnglesHint.x
      value: 0
      objectReference: {fileID: 0}
    - target: {fileID: 1460459760234845361, guid: 9a4caf04e9fda3d4999b9925eb3b71c8, type: 3}
      propertyPath: m_LocalEulerAnglesHint.y
      value: 108.404
      objectReference: {fileID: 0}
    - target: {fileID: 1460459760234845361, guid: 9a4caf04e9fda3d4999b9925eb3b71c8, type: 3}
      propertyPath: m_LocalEulerAnglesHint.z
      value: 0
      objectReference: {fileID: 0}
    - target: {fileID: 4704827907012403971, guid: 9a4caf04e9fda3d4999b9925eb3b71c8, type: 3}
      propertyPath: m_Name
      value: Comet (1)
      objectReference: {fileID: 0}
    m_RemovedComponents: []
    m_RemovedGameObjects: []
    m_AddedGameObjects: []
    m_AddedComponents: []
  m_SourcePrefab: {fileID: 100100000, guid: 9a4caf04e9fda3d4999b9925eb3b71c8, type: 3}
--- !u!1660057539 &9223372036854775807
SceneRoots:
  m_ObjectHideFlags: 0
  m_Roots:
  - {fileID: 963194228}
  - {fileID: 705507995}
  - {fileID: 918548470}
  - {fileID: 960271424}
  - {fileID: 1032256163}
  - {fileID: 1314470640}
  - {fileID: 351475071}
  - {fileID: 386779400}
  - {fileID: 91451806}
  - {fileID: 187813079}
  - {fileID: 679286526}
